<record><leader>00000cas a2200000 a 4500</leader><controlfield tag="001">9652100</controlfield><controlfield tag="008">830628d18501867miuwr ne      0    0eng c</controlfield><datafield ind1=" " ind2=" " tag="010"><subfield code="a">sn 83020943 </subfield></datafield><datafield ind1=" " ind2=" " tag="040"><subfield code="a">NPX</subfield><subfield code="b">eng</subfield><subfield code="c">NPX</subfield><subfield code="d">DLC</subfield><subfield code="d">NPX</subfield><subfield code="d">MHN</subfield><subfield code="d">OCL</subfield><subfield code="d">DLC</subfield><subfield code="d">KRTAS</subfield><subfield code="d">OCLCQ</subfield><subfield code="d">OCLCF</subfield><subfield code="d">OCLCO</subfield></datafield><datafield ind1="1" ind2=" " tag="029"><subfield code="a">AU@</subfield><subfield code="b">000002887045</subfield></datafield><datafield ind1=" " ind2=" " tag="042"><subfield code="a">pcc</subfield></datafield><datafield ind1=" " ind2=" " tag="043"><subfield code="a">n-us-mi</subfield></datafield><datafield ind1="0" ind2="0" tag="050"><subfield code="a">Newspaper 8443</subfield></datafield><datafield ind1="0" ind2=" " tag="130"><subfield code="a">Lake Superior journal (Sault Sainte Marie, Mich.)</subfield></datafield><datafield ind1="1" ind2="0" tag="245"><subfield code="a">Lake Superior journal.</subfield></datafield><datafield ind1=" " ind2=" " tag="260"><subfield code="a">Sault Sainte Marie, Mich. :</subfield><subfield code="b">J.V. Brown</subfield></datafield><datafield ind1=" " ind2=" " tag="300"><subfield code="a">v. ;</subfield><subfield code="c">60 cm.</subfield></datafield><datafield ind1=" " ind2=" " tag="310"><subfield code="a">Weekly in summer; monthly in winter.</subfield></datafield><datafield ind1="0" ind2=" " tag="362"><subfield code="a">Vol. 1, no. 1 (May 1, 1850)-</subfield></datafield><datafield ind1="1" ind2=" " tag="362"><subfield code="a">Ceased in 1867.</subfield><subfield code="z">Cf. Gregory, Amer. newspapers.</subfield></datafield><datafield ind1=" " ind2=" " tag="500"><subfield code="a">Published in Sault Ste. Marie, Mich. : May 1, 1850-Oct. 27, 1855 ; published in Marquette, Mich. : &lt;Dec. 1, 1855&gt;-</subfield></datafield><datafield ind1=" " ind2=" " tag="500"><subfield code="a">Published in Detroit, Mich. some winters, Dec. 1, 1851-May 1, 1852.</subfield></datafield><datafield ind1=" " ind2=" " tag="500"><subfield code="a">Publishers: Burt &amp; Chase, &lt;May 31, 1855-Apr. 18, 1857&gt;; John Burt, &lt;May 16, 1857-&gt;</subfield></datafield><datafield ind1=" " ind2=" " tag="530"><subfield code="a">Available on microfilm from Microfilming Corporation of America.</subfield></datafield><datafield ind1=" " ind2=" " tag="580"><subfield code="a">Continues: Lake Superior news and mining journal?</subfield></datafield><datafield ind1=" " ind2=" " tag="580"><subfield code="a">Merged with: Lake Superior news (Marquette, Mich.), to form: Lake Superior news and journal.</subfield></datafield><datafield ind1=" " ind2="0" tag="651"><subfield code="a">Marquette County (Mich.)</subfield><subfield code="v">Newspapers.</subfield></datafield><datafield ind1=" " ind2="0" tag="651"><subfield code="a">Sault Sainte Marie (Mich.)</subfield><subfield code="v">Newspapers.</subfield></datafield><datafield ind1=" " ind2="0" tag="651"><subfield code="a">Chippewa County (Mich.)</subfield><subfield code="v">Newspapers.</subfield></datafield><datafield ind1=" " ind2="0" tag="651"><subfield code="a">Detroit (Mich.)</subfield><subfield code="v">Newspapers.</subfield></datafield><datafield ind1=" " ind2="0" tag="651"><subfield code="a">Wayne County (Mich.)</subfield><subfield code="v">Newspapers.</subfield></datafield><datafield ind1=" " ind2="7" tag="655"><subfield code="a">Newspapers.</subfield><subfield code="2">fast</subfield><subfield code="0">(OCoLC)fst01423814</subfield></datafield><datafield ind1=" " ind2="7" tag="651"><subfield code="a">Michigan</subfield><subfield code="z">Chippewa County.</subfield><subfield code="2">fast</subfield><subfield code="0">(OCoLC)fst01206567</subfield></datafield><datafield ind1=" " ind2="7" tag="651"><subfield code="a">Michigan</subfield><subfield code="z">Detroit.</subfield><subfield code="2">fast</subfield><subfield code="0">(OCoLC)fst01205010</subfield></datafield><datafield ind1=" " ind2="7" tag="651"><subfield code="a">Michigan</subfield><subfield code="z">Marquette County.</subfield><subfield code="2">fast</subfield><subfield code="0">(OCoLC)fst01213518</subfield></datafield><datafield ind1=" " ind2="7" tag="651"><subfield code="a">Michigan</subfield><subfield code="z">Sault Sainte Marie.</subfield><subfield code="2">fast</subfield><subfield code="0">(OCoLC)fst01211415</subfield></datafield><datafield ind1=" " ind2="7" tag="651"><subfield code="a">Michigan</subfield><subfield code="z">Wayne County.</subfield><subfield code="2">fast</subfield><subfield code="0">(OCoLC)fst01206628</subfield></datafield><datafield ind1=" " ind2=" " tag="752"><subfield code="a">United States</subfield><subfield code="b">Michigan</subfield><subfield code="c">Marquette</subfield><subfield code="d">Marquette.</subfield></datafield><datafield ind1=" " ind2=" " tag="752"><subfield code="a">United States</subfield><subfield code="b">Michigan</subfield><subfield code="c">Chippewa</subfield><subfield code="d">Sault Sainte Marie.</subfield></datafield><datafield ind1=" " ind2=" " tag="752"><subfield code="a">United States</subfield><subfield code="b">Michigan</subfield><subfield code="c">Wayne</subfield><subfield code="d">Detroit.</subfield></datafield><datafield ind1="1" ind2="0" tag="780"><subfield code="t">Lake Superior news and mining journal</subfield><subfield code="w">(DLC)sn 83020913</subfield><subfield code="w">(OCoLC)9648102</subfield></datafield><datafield ind1="1" ind2="7" tag="785"><subfield code="t">Lake Superior news (Marquette, Mich.)</subfield><subfield code="w">(DLC)sn 96077239</subfield><subfield code="w">(OCoLC)35863536</subfield></datafield><datafield ind1="1" ind2="7" tag="785"><subfield code="t">Lake Superior news and journal</subfield><subfield code="w">(DLC)sn 83020944</subfield><subfield code="w">(OCoLC)9655692</subfield></datafield><datafield ind1=" " ind2=" " tag="936"><subfield code="a">1858 Feb. 6</subfield></datafield><datafield ind1=" " ind2=" " tag="938"><subfield code="a">Kirtas Technologies, Inc.</subfield><subfield code="b">KRTS</subfield><subfield code="n">736981</subfield></datafield></record>